@Book{buch,
	author = {Max Mustermann},
	title = {Ich bin ein Buch},
	publisher = {Verlag},
	year = {2013}
}

@ONLINE{online,
	author = {Daniel Brettschneider},
	title = {Daniel Brettschneiders Blog},
	url = {http://www.daniel-brettschneider.de},
	note = {Zugriff: 15.02.2013, Archiviert mit WebCite\textsuperscript{\textregistered}: \url{http://www.webcitation.org/6ESWiGbhw}}
}

@article{schneider20062,
  title={Erfassung von Ern{\"a}hrungsgewohnheiten},
  author={Schneider, R and Heseker, H},
  journal={Ern{\"a}hrungsmedizin: Pr{\"a}vention und Therapie},
  volume={3},
  pages={498--505},
  year={2006}
}

@incollection{kovatsch2014gesunde,
  title={Gesunde Ern{\"a}hrung--Gesunde Mitarbeiter},
  author={Kovatsch, Effi},
  booktitle={Betriebliche Gesundheitsf{\"o}rderung},
  pages={256},
  year={2014},
}

@book{muller2007ernahrungsmedizinische,
  title={Ern{\"a}hrungsmedizinische Praxis: Methoden-Pr{\"a}vention-Behandlung; mit 219 Tabellen},
  author={M{\"u}ller, Manfred J},
  year={2007},
}

@book{kirch2006prävention,
  title={Pr{\"a}vention: },
  author={Kirch, W. and Badura, B.},
  url={http://books.google.de/books?id=RI0fBAAAQBAJ},
  year={2006},
}

@article{PHN:587344,
author = {Rutishauser,Ingrid HE},
title = {Dietary intake measurements},
journal = {Public Health Nutrition},
volume = {8},
issue = {7a},
year = {2005},
pages = {1100--1107},
URL = {http://journals.cambridge.org/article_S1368980005001369},
}

@book{sichert1984ernaehrungs,
 title={Ern{\"a}hrungs-Erhebungs-Methoden},
 author={W. Sichert, U.Oltersdorf, U. Winzen, C. Leitzmann},
 year={1984},
 publisher={Umschau Verlag},
}

@article{hurrelmann2004einfuhrung,
  title={Einf{\"u}hrung: Krankheitspr{\"a}vention und Gesundheitsf{\"o}rderung},
  author={Hurrelmann, Klaus and Klotz, Theodor and Haisch, Jochen},
  journal={Lehrbuch: Pr{\"a}vention und Gesundheitsf{\"o}rderung. Bern: Huber},
  year={2004}

@article{Morikawa:2012:FRS:2390776.2390779,
 author = {Morikawa, Chamin and Sugiyama, Haruki and Aizawa, Kiyoharu},
 title = {Food Region Segmentation in Meal Images Using Touch Points},
 booktitle = {Proceedings of the ACM Multimedia 2012 Workshop on Multimedia for Cooking and Eating Activities},
 series = {CEA '12},
 year = {2012},
 pages = {7--12},
 publisher = {ACM},
} 

@website{whoobesityfactsheet,
autor= {World Health Organisation (WHO)},
title= {Fact Sheet on Obesity and Overweight},
url= {http://www.who.int/mediacentre/factsheets /fs311/en/index.html},
year={zuletzt am 22.08.2014},
}

@website{asa24,
author = National Cancer Institute},
title = {ASA24 Automated Self-administered 24-hour Recall},
url = {http://appliedresearch.cancer.gov/asa24/},
year={zuletzt am 11.08.2014}
}

@article{Subar20121134,
author = "Amy F. Subar and Sharon I. Kirkpatrick and Beth Mittl and Thea Palmer Zimmerman and Frances E. Thompson and Christopher Bingley and Gordon Willis and Noemi G. Islam and Tom Baranowski and Suzanne McNutt and Nancy Potischman",
title = "The Automated Self-Administered 24-Hour Dietary Recall (ASA24): A Resource for Researchers, Clinicians, and Educators from the National Cancer Institute ",
journal = "Journal of the Academy of Nutrition and Dietetics ",
volume = "112",
number = "8",
pages = "1134 - 1137",
year = "2012",
}

@article{BJN:3324360,
author = {Martin,Corby K. and Han,Hongmei and Coulon,Sandra M. and Allen,H. Raymond and Champagne,Catherine M. and Anton,Stephen D.},
title = {A novel method to remotely measure food intake of free-living individuals in real time: the remote food photography method},
journal = {British Journal of Nutrition},
volume = {101},
issue = {03},
year = {2009},
pages = {446--456},
}

@INPROCEEDINGS{5333123, 
author={Martin, Corby K. and Kaya, S. and Gunturk, B.K.}, 
booktitle={Engineering in Medicine and Biology Society, 2009. EMBC 2009. Annual International Conference of the IEEE}, 
title={Quantification of food intake using food image analysis}, 
year={2009}, 
pages={6869-6872},
}

@article{validityofDISHES98,
author = "MENSINK G. B. M. and HAFTENBERGER M. and THAMM M.",
institution = "Robert Koch Institute, DEU",
title = "Validity of DISHES 98, a computerised dietary history interview : energy and macronutrient intake",
journal = "European journal of clinical nutrition",
year = "2001",
volume = "55",
number = "6",
pages = "409--417",
}

@book{MethodenderErnaehrungs,
author ={Müller M.J. und Trautwein E.},
title = {Methoden der Ernährungserhebung und -erfassung In: Gesundheit und Ernährung - Public Health Nutriton},
year = {2005},
publisher ={UTB Verlag Stuttgart},
pages = {109-18},
}

@Pressemitteilung{63MillionenHandy,
author ={Bundesverband Informationswissenschaft, Telekommunikation und neue Medien e.V.},
url={http://www.bitkom.org/de/markt_statistik/64046_77178.aspx}
year ={zuletzt am 07.09.2014},
}

@book{Wirtschaftslexikon,
author = {Prof. Dr. Insa Sjurts},
title= {Gabler Lexikon Medienwissenschaft},
year={2010},
publisher={Springer Gabler Verlag},
}

@article{Psychologicalmeasures,
authors ={Bathalon G, Tucker K, Hays N, Vinken A, Greenberg A, McCrory M, Roberts S.},
title ={Psychological measures of eating behavior and the accuracy of 3 common dietary assessment methods in healthy
postmenopausal women},
publisher ={Am.J.Clin.Nutr.},
year ={2000},
pages ={739–745},
}

@article{Underreporting,
authors={Goris AH, Westerterp KR},
title={Underreproting of habitual food intake is explained by undereating in highly motivated women},
publisher={J Nutr.},
year={1999},
pages={878-882},
}


@article{adherence,
authors={Carter MC, Burley VJ, Nykjaer C, Cade JE},
title={Adherence to a smartphone application for weight loss compared to website and paper diary: pilot randomized controlled trial},
publisher={J Med Internet Res. 15(4)},
year={2013},
pages={e32},
}

@article{asa,
authors={Amy F. Subar, Sharon I. Kirkpatrick, Beth Mittl, Thea Palmer Zimmerman, Frances E. Thompson, Christopher Bingley, Gordon Willis, Noemi G. Islam, Tom Baranowski, Suzanne McNutt, Nancy Potischman},
title={The Automated Self-Administered 24-Hour Dietary Recall (ASA24): A Resource for Researchers, Clinicians, and Educators from the National Cancer Institute},
publisher={Journal of the Academy of Nutrition and Dietetics},
year={2012},
pages={Vol. 112, p. 1134-1137},
}

@article{babybottle,
authors={N.N},
title={Remote Food Photography Method in Infants (BabyBottle)},
url ={http://clinicaltrials.gov/show/NCT01762631},
year={zuletzt am 22.09.2014},
}

@article{estimating,
authors={Williamson DA, Allen HR, Martin PD, Alfonso A, Gerald B, Hunt A. },
title={Digital photography: a new method for estimating food intake in cafeteria settings},
publisher={Eat Weight Disord 9},
year={2004},
pages={24-28},
}



@article{cardattachment,
authors={Wang DH, Kogashiwa M, Ohta S, Kira S.},
title={Validity and reliability of a dietary assessment method: the application of a digital camera with a mobile phone card attachment},
publisher={J Nutr Sci Vitaminol (Tokyo)},
volume={48(6)}
year={2002},
pages={498–504},
}


@article{,
authors={},
title={},
publisher={},
year={},
pages={},
}



@article{,
authors={},
title={},
publisher={},
year={},
pages={},
}


@article{,
authors={},
title={},
publisher={},
year={},
pages={},
}